@ARTICLE{Mendoza2021,
    AUTHOR="Hector Dante Mendoza",
    TITLE="Integración del procesamiento imágenes e Internet de las cosas en la estimación temprana del rendimiento de cultivos frutales",
    JOURNAL="XXIII Workshop de Investigadores en Ciencias de la Computación",
    YEAR="2021",
}

@ARTICLE{Lim2020,
    AUTHOR="JongYoon Lim",
    TITLE="Deep Neural Network Based Real-time Kiwi Fruit Flower Detection in an Orchard Environment",
    JOURNAL="arXiv preprint arXiv:2006.04343",
    YEAR="2020",
}

@ARTICLE{Montiel2019,
    AUTHOR="Montiel, Miguel Angel Lopez",
    TITLE="Algoritmo de procesamiento de imágenes para señales de tránsito",
    JOURNAL="Articulo",
    YEAR="2019",
}

@ARTICLE{Song2019,
    AUTHOR="Zhenzhen Song. Longsheng Fu. Jingzhu Wu",
    TITLE="Kiwifruit detection in field images using Faster R-CNN with VGG16",
    JOURNAL="Articulo",
    YEAR="2019",
}

@MISC{WEBSITE:Fruitometry2024,
	HOWPUBLISHED = "\url{https://fruitometry.com/}",
	AUTHOR = "Chris Miller",
	TITLE = "Fruitometry",
	MONTH = "09",
	YEAR = "2024",
	URLDATE = {2024-09-13}
}

@MISC{WEBSITE:Unitec2024,
	HOWPUBLISHED = "\url{https://es.unitec-group.com/tecnologias-frutas-hortalizas/?gclid=EAIaIQobChMIvZnv98GY8QIVyQSRCh2xrAMJEAAYAiAAEgJqgvD_BwE}",
	AUTHOR = "Unitec",
	TITLE = "Calibradoras electrónicas, seleccionadoras, máquinas y tecnologías para el empaque y el proceso de frutas y hortalizas frescas.",
	MONTH = "09",
	YEAR = "2024",
	URLDATE = {2024-09-13}
}

@MISC{WEBSITE:Itt2024,
	HOWPUBLISHED = "\url{https://tienda.ityt.com.ar/plataforma-stm32/12702-nucleo-f429zi-stm32f429zi-stm32-cortex-m4-arm-itytarg.html}",
	AUTHOR = "It\&t",
	TITLE = "Nucleo-f429zi Stm32f429zi.",
	MONTH = "09",
	YEAR = "2024",
	URLDATE = {2024-09-14}
}

@MISC{WEBSITE:Dht112024,
	HOWPUBLISHED = "\url{https://www.todomicro.com.ar/sensores/224-sensor-de-temperatura-y-humedad-dht11-arduino.html}",
	AUTHOR = "TodoMicro",
	TITLE = "Sensor De Temperatura Y Humedad Dht11.",
	MONTH = "09",
	YEAR = "2024",
	URLDATE = {2024-09-14}
}

@MISC{WEBSITE:lcd2024,
	HOWPUBLISHED = "\url{https://uelectronics.com/producto/display-lcd-16x2-fondo-azul-amarillo/?srsltid=AfmBOorkJNNBhdEHSHGVr8xleeZYs_HXpCKmLdXyXVL5B2i6Fe4fKk0r}",
	AUTHOR = "Unit Electronics",
	TITLE = "Display LCD 16×2 Fondo Azul.",
	MONTH = "09",
	YEAR = "2024",
	URLDATE = {2024-09-14}
}

@MISC{WEBSITE:camara2024,
	HOWPUBLISHED = "\url{https://www.arcaelectronica.com/products/modulo-de-camara-ov7670-arduino?srsltid=AfmBOopgmnm_0gtPYtNMaSrCGCOKnXMwbjdXpUfh84WJ_Hi9V3akPCPp}",
	AUTHOR = "Arca Electrónica",
	TITLE = "Modulo de camara Ov7670.",
	MONTH = "09",
	YEAR = "2024",
	URLDATE = {2024-09-14}
}

@MISC{WEBSITE:hcsr2024,
	HOWPUBLISHED = "\url{https://www.todomicro.com.ar/modulos/81-sensor-ultrasonico-ultrasonido-hc-sr04-arduino-pic-robotica.html}",
	AUTHOR = "Todo Micro",
	TITLE = "Sensor Ultrasonico Ultrasonido Hc-sr04.",
	MONTH = "09",
	YEAR = "2024",
	URLDATE = {2024-09-14}
}

@MISC{WEBSITE:stm32,
	HOWPUBLISHED = "\url{https://www.st.com/en/development-tools/stm32cubeide.html}",
	AUTHOR = "STMicroelectronics",
	TITLE = "Integrated Development Environment for STM32.",
	MONTH = "09",
	YEAR = "2024",
	URLDATE = {2024-09-15}
}

@MISC{WEBSITE:freertos,
	HOWPUBLISHED = "\url{https://www.throwtheswitch.org/ceedling}",
	AUTHOR = "CEEDLING",
	TITLE = "WHAT IS CEEDLING?.",
	MONTH = "09",
	YEAR = "2024",
	URLDATE = {2024-09-15}
}

@MISC{WEBSITE:CEEDLING,
	HOWPUBLISHED = "\url{https://www.freertos.org/RTOS.html}",
	AUTHOR = "FreeRTOS",
	TITLE = "The FreeRTOS.",
	MONTH = "09",
	YEAR = "2024",
	URLDATE = {2024-09-15}
}

@MISC{WEBSITE:uart,
	HOWPUBLISHED = "\url{https://www.rohde-schwarz.com/es/productos/test-y-medida/essentials-test-equipment/digital-oscilloscopes/que-es-uart_254524.html}",
	AUTHOR = "Rohde \& Schwarz.",
	TITLE = "Qué es UART.",
	MONTH = "09",
	YEAR = "2024",
	URLDATE = {2024-09-15}
}

@MISC{WEBSITE:i2c,
	HOWPUBLISHED = "\url{https://robots-argentina.com.ar/didactica/descripcion-y-funcionamiento-del-bus-i2c/}",
	AUTHOR = "Robots Argentina.",
	TITLE = "Descripción y funcionamiento del Bus I2C.",
	MONTH = "09",
	YEAR = "2024",
	URLDATE = {2024-09-15}
}








@BOOK{BOOK:1,
    AUTHOR="John Doe",
    TITLE="The Book without Title",
    PUBLISHER="Dummy Publisher",
    YEAR="2100",
}

@INBOOK{BOOK:2,
    AUTHOR="John Doe",
    TITLE="The Book without Title",
    PUBLISHER="Dummy Publisher",
    YEAR="2100",
    PAGES="100-200",
}

@MISC{WEBSITE:9999,
	HOWPUBLISHED = "\url{http://example.com}",
	AUTHOR = "Intel",
	TITLE = "Example Website",
	MONTH = "12",
	YEAR = "1988",
	URLDATE = {2012-11-26}
}

@MANUAL{dallas:ds18b20,
    organization  = "Dallas Semiconductor",
    title         = "DS18B20 Programmable Resolution 1-Wire Digital Thermometer",
    number        = "050400",
    year          =  2015,
    note          = "Rev. 3"
}

@book{teton2003,
	title={Gu{\'\i}a t{\'e}cnica de la acuariofilia},
	author={Teton, J.},
	isbn={9788489840249},
	series={Gu{\'\i}as t{\'e}cnicas},
	url={https://books.google.com.ar/books?id=6vrjovWkQicC},
	year={2003},
	publisher={Tursen S.A. - H. Blume}
}

@book{IEEE:citation,
	author={IEEE},
	title={IEEE Citation Reference},
	edition={1},
	url={http://www.ieee.org/documents/ieeecitationref.pdf},
	urldate={2016-9-26},
	publisher={IEEE Publications},
	year={2016}
}

@misc{CIAA,
	author = {{Proyecto CIAA}},
	title = {Computadora Industrial Abierta Argentina},
	url = {http://proyecto-ciaa.com.ar/devwiki/doku.php?id=start},
	note = {Visitado el 2016-06-25},
	year = {2014}
}

@MISC{lpcopen,
   author =	{{NXP Semiconductors}},
   title =	{LPCOPEN v2.16 Drivers, Middleware and Examples},
   url =	{http://www.nxp.com/products/microcontrollers-and-processors/arm-processors/lpc-cortex-m-mcus/software-tools/lpcopen-libraries-and-examples:LPC-OPEN-LIBRARIES},
   note =	{Disponible: 2016-06-25},
 }
 
@MISC{contrib,
	author =	{{Savannah}},
	title =	{lwIP - A Lightweight TCP/IP stack},
	url =	{http://git.savannah.gnu.org/cgit/lwip/lwip-contrib.git},
	note =	{Disponible: 2016-06-25},
 }

@MISC{webserver,
	author =	{{Savannah}},
	title =	{lwIP - Wiki - Sample Web Server},
	url =	{ http://lwip.wikia.com/wiki/Sample_Web_Server},
	note =	{Disponible: 2016-06-25}
 } 
 


@MISC{sensor_pH,
   author =	{dfRobot},
   title =	{PH meter(SKU: SEN0161)},
   url =	{http://www.dfrobot.com/wiki/index.php?title=PH_meter(SKU:_SEN0161)},
   note =	{Disponible: 2016-06-25},
}

@misc{rfc2616,
	series =	{Request for Comments},
	number=		2616,
	howpublished=	{RFC 2616},
	publisher =	{RFC Editor},
	doi =		{10.17487/rfc2616},
	url =		{https://rfc-editor.org/rfc/rfc2616.txt},
	author=		{Jeffrey Mogul and Larry M Masinter and Roy T. Fielding and Jim Gettys and Paul J. Leach and Tim Berners-Lee},
	title=		{{Hypertext Transfer Protocol -- HTTP/1.1}},
	pagetotal =	176,
	year =		2013,
	month =		3,
	day =		2,
	abstract =	{HTTP has been in use by the World-Wide Web global information initiative since 1990. This specification defines the protocol referred to as &quot;HTTP/1.1&quot;, and is an update to RFC 2068. [STANDARDS-TRACK]},
}

@misc{rfc3875,
	series =	{Request for Comments},
	number=		3875,
	howpublished=	{RFC 3875},
	publisher =	{RFC Editor},
	doi =		{10.17487/rfc3875},
	url =		{https://rfc-editor.org/rfc/rfc3875.txt},
	author=		{David Robinson},
	title=		{{The Common Gateway Interface (CGI) Version 1.1}},
	pagetotal =	36,
	year =		2013,
	month =		mar,
	day =		20,
	abstract =	{The Common Gateway Interface (CGI) is a simple interface for running external programs, software or gateways under an information server in a platform-independent manner. Currently, the supported information servers are HTTP servers.},
}

@misc{rfc7540,
	series =	{Request for Comments},
	number=		7540,
	howpublished=	{RFC 7540},
	publisher =	{RFC Editor},
	doi =		{10.17487/rfc7540},
	url =		{https://rfc-editor.org/rfc/rfc7540.txt},
	author=		{Mike Belshe and Roberto Peon and Martin Thomson},
	title=		{{Hypertext Transfer Protocol Version 2 (HTTP/2)}},
	pagetotal =	96,
	year =		2015,
	month =		nov,
	day =		18,
	abstract =	{This specification describes an optimized expression of the semantics of the Hypertext Transfer Protocol (HTTP), referred to as HTTP version 2 (HTTP/2). HTTP/2 enables a more efficient use of network resources and a reduced perception of latency by introducing header field compression and allowing multiple concurrent exchanges on the same connection. It also introduces unsolicited push of representations from servers to clients.},
}